@Misc{SQR-095,
    author = "Voutsinas, Stelios and Jenness, Tim",
    title = "{SIAv2 over Butler FastAPI service}",
    publisher = "{Vera C. Rubin Observatory}",
    year = "2024",
    month = "October",
    handle = "SQR-095",
    note = "{Vera C. Rubin Observatory SQuaRE Technical Note SQR-095}",
    url = "https://sqr-095.lsst.io/"
}

@MISC{2015ivoa.spec.1223D,
       author = {{Dowler}, Patrick and {Bonnarel}, Fran{\c{c}}ois and {Tody}, Doug},
        title = "{IVOA Simple Image Access Version 2.0}",
 howpublished = {IVOA Recommendation 23 December 2015},
         year = 2015,
        month = dec,
        pages = {1223},
          url = {https://doi.org/10.5479/ADS/bib/2015ivoa.spec.1223D},
          doi = {10.5479/ADS/bib/2015ivoa.spec.1223D},
       adsurl = {https://ui.adsabs.harvard.edu/abs/2015ivoa.spec.1223D},
      adsnote = {Provided by the SAO/NASA Astrophysics Data System}
}

@INPROCEEDINGS{2022SPIE12189E..11J,
       author = {{Jenness}, Tim and {Bosch}, James F. and {Salnikov}, Andrei and {Lust}, Nate B. and {Pease}, Nathan M. and {Gower}, Michelle and {Kowalik}, Mikolaj and {Dubois-Felsmann}, Gregory P. and {Mueller}, Fritz and {Schellart}, Pim},
        title = "{The Vera C. Rubin Observatory Data Butler and pipeline execution system}",
     keywords = {Astrophysics - Instrumentation and Methods for Astrophysics, Computer Science - Distributed, Parallel, and Cluster Computing},
    booktitle = {Software and Cyberinfrastructure for Astronomy VII},
         year = 2022,
       series = {Proc.\ SPIE},
       volume = {12189},
        month = aug,
          eid = {1218911},
        pages = {1218911},
          url = {https://doi.org/10.1117/12.2629569},
          doi = {10.1117/12.2629569},
archivePrefix = {arXiv},
       eprint = {arXiv:2206.14941},
 primaryClass = {astro-ph.IM},
       adsurl = {https://ui.adsabs.harvard.edu/abs/2022SPIE12189E..11J},
      adsnote = {Provided by the SAO/NASA Astrophysics Data System}
}

@INPROCEEDINGS{2024SPIE13101E..3GJ,
       author = {{Jenness}, Tim and {Irving}, David H. and {Bosch}, James F. and {Salnikov}, Andrei and {Lust}, Nate B. and {Allbery}, Russ},
        title = "{Converting Rubin Observatory's data butler to a client/server architecture}",
    booktitle = {Software and Cyberinfrastructure for Astronomy VIII},
         year = 2024,
       editor = {{Ibsen}, Jorge and {Chiozzi}, Gianluca},
       series = {Proc.\ SPIE},
       volume = {13101},
        month = jul,
          eid = {131013G},
        pages = {131013G},
          doi = {10.1117/12.3019130},
          url = {https://doi.org/10.1117/12.3019130},
       adsurl = {https://ui.adsabs.harvard.edu/abs/2024SPIE13101E..3GJ},
      adsnote = {Provided by the SAO/NASA Astrophysics Data System}
}

@INPROCEEDINGS{C702_adassxxxiv,
   author     = {Jeremy McCormick and Gregory P. Dubois-Felsmann and Tim Jenness and Brian {van Klaveren} and Andrei Salnikov},
booktitle     = {ADASS XXXIV},
     title    = "{Using Felis to Represent the Semantics and Metadata of Astronomical Data Catalogs}",
     year     = 2025,
   editor     = {Andrea DeMarco and Jackson Said},
   volume     = {TBD},
   series     = {ASP Conf. Ser.},
    pages     = {999 TBD},
    publisher = "ASP",
    address   = "San Francisco",
}

@Misc{DMTN-236,
    author = "Salnikov, Andy",
    title = "{ObsCore as a View of Butler Registry Tables}",
    publisher = "{Vera C. Rubin Observatory}",
    year = "2022",
    month = "August",
    handle = "DMTN-236",
    note = "{Vera C. Rubin Observatory Data Management Technical Note DMTN-236}",
    url = "https://dmtn-236.lsst.io/"
}
